<?xml version="1.0" encoding="UTF-8"?><collection xmlns="http://www.loc.gov/MARC21/slim"><record><leader>00462nam--2200157-i-4500</leader><controlfield tag="001">000042051</controlfield><controlfield tag="002">20161230</controlfield><controlfield tag="005">20170122223309</controlfield><controlfield tag="008">060222s1000------------r-----000-0-eng-d</controlfield><datafield ind1=" " ind2=" " tag="080"><subfield code="a">517.949.2:624.04</subfield></datafield><datafield ind1=" " ind2=" " tag="100"><subfield code="a">Soare, Mircea</subfield></datafield><datafield ind1=" " ind2=" " tag="245"><subfield code="a">Aplkicarea ecuatiilor cu diferente finite la calculul suprafetelor subtiri</subfield></datafield><datafield ind1=" " ind2=" " tag="260"><subfield code="a">Bucuresti</subfield><subfield code="b">Ed.De Stat Pt.Arhit.Si Constr</subfield><subfield code="c">1954</subfield></datafield><datafield ind1=" " ind2=" " tag="300"><subfield code="a">160 p. + Filg.+1 Tab</subfield></datafield><datafield ind1=" " ind2=" " tag="852"><subfield code="a">3288</subfield></datafield><datafield ind1=" " ind2=" " tag="CAT"><subfield code="a">SYS</subfield><subfield code="c">20170122</subfield><subfield code="h">223309</subfield></datafield></record></collection>